@InProceedings{movieactors,
  author = 	 {Herr, Bruce W. and Ke, Weimao and Hardy, Elisha and Börner, Katy},
  title = 	 {Movies and Actors},
  booktitle = {Proceedings of the 11th Information Visualisation Conference},
  pages = 	 {465-469},
  year = 	 {2007},
  address = 	 {ETH Zürich, Switzerland},
  publisher = {IEEE Computer Society Conference Publishing Services}
}

