@InProceedings{movieactors,
  author = 	 {Herr, Bruce W. and Ke, Weimao and Hardy, Elisha and Börner, Katy},
  title = 	 {Movies and Actors},
  booktitle = {Proceedings of the 11th Information Visualisation Conference},
  pages = 	 {465-469},
  year = 	 {2007},
  address = 	 {ETH Zürich, Switzerland},
  publisher = {IEEE Computer Society Conference Publishing Services}
}

@Unpublished{chrisharrison,
  author = 	 {Chris Harrison},
  title = 	 {{WikiViz} v5},
  note = 	 {from \url{http://www.chrisharrison.net/projects/wikiviz/}},
  month = 	 {November},
  year = 	 {2007}
}

@Article{holowaywiki,
  author = 	 {Holloway, Todd and Božicevic, Miran and Börner, Katy},
  title = 	 {Analyzing and Visualizing the Semantic Coverage of Wikipedia and Its Authors},
  journal = 	 {Complexity\textnormal{, Special issue on Understanding Complex Systems}},
  year = 	 {2007},
  volume = 	 {12},
  number = 	 {3},
  pages = 	 {33-40},
  note = 	 {Also available as cs.IR/0512085.q},
} 