% see http://www.ctan.org/tex-archive/macros/latex/contrib/gloss/ for docu

@GLOSSDEF{osgi,
	word="OSGi Alliance",
	short="OSGi",
	definition="The OSGi Alliance is an independent non-profit corporation 
		comprised of technology innovators and developers and focused on the 
		interoperability of applications and services based on its component 
		integration platform."
}

